
@article{Aila2003,
  author    = {Timo Aila and Ville Miettinen and Petri Nordlund},
  title     = "{Delay Streams for Graphics Hardware}",
  journal   = {ACM Transactions on Graphics,},
  pages     = {792--800},
  year      = {2003},
  volume    = 22,
  number    = 3,
}

@article{AkenineMoller2003,
  author    = {Tomas Akenine-M\"oller and Jacob Str\"om},
  title     = "{Graphics for the Masses: A Hardware Rasterization Architecture for Mobile Phones}",
  journal   = {ACM Transactions on Graphics,},
  pages     = {801--808},
  year      = {2003},
  volume    = 22,
  number    = 3,
}

@inproceedings{Cox93,
  author = "Michael Cox and Pat Hanrahan",
  title = "{Pixel Merging for Object-Parallel Rendering: a Distributed Snooping Algorithm}",
  booktitle = "Symposium on Parallel Rendering",
  year = 1993,
  month = "November",
  pages="49--56",
  organization="ACM SIGGRAPH",
}

@inproceedings{Greene93,
  author = "Ned Greene and Michael Kass and Gavin Miller",
  title = "{Hierarchical Z-Buffer Visibility}",
  booktitle = "Proceedings of ACM SIGGRAPH 93",
  pages = "231--238",
  year = 1993,
  month = "August",
  organization="ACM Press",
}

@inproceedings{Hakura97,
  author = "Ziyad S. Hakura and Anoop Gupta",
  title = "{The Design and Analysis of a Cache Architecture for Texture Mapping}",
  booktitle = "24th International Symposium of Computer Architecture",
  year = 1997,
  month = "June",
  pages="108--120",
  organization="ACM/IEEE",
}

@inproceedings{Igehy98,
  author = "Homan Igehy and Matthew Eldridge and Kekoa Proudfoot",
  title = "{Prefetching in a Texture Cache Architecture}",
  booktitle = "Workshop on Graphics Hardware",
  page ="133--142",
  year = 1998,
  month = "August",
  organization="ACM SIGGRAPH/Eurographics",
}

@inproceedings{Igehy99,
 author = {Homan Igehy and Matthew Eldridge and Pat Hanrahan},
 title = "{Parallel Texture Caching}",
 booktitle = {Graphics hardware},
 year = {1999},
 pages = {95--106},
 publisher = {ACM Press},
 }

@article{Knittel96,
  author = {G. Knittel and A. Schilling and A. Kugler and W. Strasser},
  title = "{Hardware for Superior Texture Performance}",
  journal = "{Computers \& Graphics}",
  volume = 20,
  number = 4,
  pages = "475--481",
  month = "July",
  year = 1996,
}

@article{McCabe98,
  author = "Dan McCabe and John Brothers",
  title = "{DirectX 6 Texture Map Compression}",
  journal = "Game Developer Magazine",
  volume = 5,
  number = 8,
  pages = "42--46",
  month = "August",
  year = 1998,
}

@inproceedings{McCool2001,
  author = "Michael D. McCool and Chris Wales and Kevin Moule",
  title = "{Incremental and Hierarchical Hilbert Order Edge Equation Polygon Rasterization}",
  booktitle = "Graphics Hardware",
  page ="65--72",
  year = 2002,
  organization="ACM SIGGRAPH/Eurographics",
}

@article{McCormack98,
  author = "Joel McCormack and Bob McNamara and Christopher Gianos and Larry
            Seiler and Norman P. Jouppi and Ken Corell and Todd Dutton and John Zurawski",
  title = "{Implementing Neon: A 256-Bit Graphics Accelerator}",
  journal = "IEEE Micro",
  volume = 19,
  number = 2,
  pages = "58--69",
  month = "March/April",
  year = 1999,
}

@inproceedings{McCormack2000,
  author = "Joel McCormack and Robert McNamara",
  title = "{Tiled Polygon Traversal Using Half-Plane Edge Functions}",
  booktitle = "Workshop on Graphics Hardware",
  page ="15--22",
  year = 2000,
  month = "August",
  organization="ACM SIGGRAPH/Eurographics",
}

@inproceedings{Morein2000,
  author = "Steve Morein",
  title = "{ATI Radeon HyperZ Technology}",
  booktitle = "Workshop on Graphics Hardware, Hot3D Proceedings",
  year = 2000,
  month = "August",
  organization="ACM SIGGRAPH/Eurographics",
}

@INBOOK{Owens2005,
  AUTHOR =       {John Owens},
  editor =       {Matt Pharr},
  TITLE =        {GPUGems 2},
  CHAPTER =      "{Streaming Architectures and Technology Trends}",
  pages =        {457--470},
  PUBLISHER =    {Addison-Wesley Professional},
  YEAR =         {2005},
}

@inproceedings{Pineda88,
  author = "Juan Pineda",
  title = "{A Parallel Algorithm for Polygon Rasterization}",
  booktitle = "Computer Graphics (Proceedings of ACM SIGGRAPH 88)",
  pages = "17--20",
  year = 1988,
  month = "August",
  organization="ACM",
}

@inproceedings{Williams83,
  author = "Lance Williams",
  title = "{Pyramidal Parametrics}",
  booktitle = "Computer Graphics (Proceedings of ACM SIGGRAPH 83)",
  pages = "1--11",
  year = 1983,
  month = "July",
  organization="ACM",
}
